@book{TongJiDaXueShuXueXiGaoDengShuXue,
  title = {高等数学},
  author = {{同济大学数学系}},
  edition = {第七版},
  volume = {上册},
  publisher = {{高等教育出版社}},
  keywords = {*数学/高等数学},
}

@book{TongJiDaXueShuXueXiGaoDengShuXuea,
  title = {高等数学},
  author = {{同济大学数学系}},
  edition = {第七版},
  volume = {下册},
  publisher = {{高等教育出版社}},
  keywords = {微积分,数学,高等数学},
}

@book{TongJiDaXueShuXueXiXianXingDaiShu,
  title = {线性代数},
  author = {{同济大学数学系}},
  edition = {第六版},
  publisher = {{高等教育出版社}},
  keywords = {*数学/线性代数},
}

@book{wangnengbinShujukuxitongjiaocheng,
  title = {{数据库系统教程}},
  author = {{王能斌}},
  edition = {第二版},
  volume = {上册},
  publisher = {{电子工业出版社}},
  langid = {chinese},
  keywords = {*计算机基本理论/数据库原理},}

@book{weilian*feileGailulunjiqiyingyong,
  title = {{概率论及其应用}},
  author = {{威廉{$\cdot$}费勒}},
  translator = {{胡迪鹤}},
  edition = {第三版},
  volume = {1},
  publisher = {{人民邮电出版社}},
  langid = {chinese},
  keywords = {*数学/概率论},
}
