@article{chenWurenjibianduifeihangzaichangshuguandaoxunjianfangmiandeyingyongsheji2016,
  title = {{无人机编队飞行在长输管道巡检方面的应用设计}},
  author = {陈, 磊 and 秦, 开宇},
  year = {2016},
  journal = {自动化应用},
  number = {8},
  pages = {45--47},
  issn = {1674-778X},
  abstract = {针对燃气管道巡查的要求和特点,设计无人机编队飞行系统和无人机编队巡检系统,重点介绍了无人机编队的设计目标、任务规划、航迹规划、队形编排、管道巡检、多编队控制系统搭建,以及飞行巡检试验。},
  langid = {chinese},
  keywords = {待整理,无人机,管道巡检,编队飞行},
  file = {D\:\\HaaaaaalloMg\\Sophycloud\\sophist\\storage\\FXSZZYTA\\陈_秦_2016_无人机编队飞行在长输管道巡检方面的应用设计.pdf}
}

@article{jinWurenjiyaoganfazhanyuyingyonggaikuang2009,
  title = {{无人机遥感发展与应用概况}},
  author = {金, 伟 and 葛, 宏立 and 杜, 华强 and 徐, 小军},
  year = {2009},
  journal = {遥感信息},
  number = {1},
  pages = {88--92},
  issn = {1000-3177},
  abstract = {在阐述无人机发展历程基础上,论述了无人机在遥感领域的应用理论发展以及在气象监测、资源调查、航拍测量和应对突发事件等方面的应用,归纳了目前无人机遥感研究存在的问题,展望了今后无人机遥感研究的热点和重点。},
  langid = {chinese},
  keywords = {aerial remote sensing,remote sensing,待整理,无人机,航空遥感 unmanned aerial vehicle,遥感},
  file = {D\:\\HaaaaaalloMg\\Sophycloud\\sophist\\storage\\6DFT3HEQ\\金 et al_2009_无人机遥感发展与应用概况.pdf}
}

@article{qinWurenjifazhanzongshu2002,
  title = {{无人机发展综述}},
  author = {秦, 博 and 王, 蕾},
  year = {2002},
  journal = {飞航导弹},
  number = {8},
  pages = {4--10},
  issn = {1009-1319},
  doi = {10.16338/j.issn.1009-1319.2002.08.004},
  abstract = {阐述了世界军用无人机发展现状、现有无人机的优点以及无人机发展的三次飞跃 ,预测了 2 1世纪世界无人机发展趋势。简要介绍了无人机的气动布局、动力装置、发射 (起飞 )方式、回收方式及其机载设备},
  langid = {chinese},
  keywords = {作战任务,侦察,发展,待整理,攻防兼备,无人机,趋势},
  file = {D\:\\HaaaaaalloMg\\Sophycloud\\sophist\\storage\\ZXWME6RL\\秦_王_2002_无人机发展综述.pdf}
}

@article{wangDuozhanchunfangweiwuyuandingweisuanfayanjiujinzhan2012,
  title = {{多站纯方位无源定位算法研究进展}},
  author = {王, 本才 and 王, 国宏 and 何, 友},
  year = {2012},
  journal = {电光与控制},
  volume = {19},
  number = {5},
  pages = {56--62},
  issn = {1671-637X},
  abstract = {结合对无源定位过程的分析,仅从纯方位的角度对多站无源定位算法的研究现状进行总结,并比较主要算法的定位性能;简要介绍了各种定位精度衡量指标的定义、用途及特点;最后对多站无源定位的发展方向进行了展望。},
  langid = {chinese},
  keywords = {algorithm,passive locating,progress,待整理,无源定位,算法,纯方位,进展 bearing-only},
  file = {D\:\\HaaaaaalloMg\\Sophycloud\\sophist\\storage\\L28S392G\\王 et al_2012_多站纯方位无源定位算法研究进展.pdf}
}

@article{zhangHaishangzhenchachuandechunfangweiwuyuandingweijishuyanjiu2018,
  title = {{海上侦察船的纯方位无源定位技术研究}},
  author = {张, 鲲 and 沈, 重 and 王, 海丰 and 李, 壮 and 高, 倩 and 李, 涵雯},
  year = {2018},
  journal = {舰船科学技术},
  volume = {40},
  number = {2},
  pages = {19--21},
  issn = {1672-7649},
  abstract = {海上侦察船的敌方目标定位技术对舰船的海上军事作战能力有关键性的作用,准确地对敌军进行定位和侦察有助于在军事行动中占据有力地位。传统的海上目标探测技术有雷达技术、超声技术等,但存在容易暴露、探测精度低等问题,无源定位是指被动的接收辐射源信号(声音等),确定辐射源的准确位置。本文结合被监测对象船舶的非线性运动模型,设计了一种基于方位角测量技术的纯方位无源定位技术,并解释了系统的工作原理和流程。},
  langid = {chinese},
  keywords = {azimuth,nonlinear,passive location,super radiation source,待整理,方位角,无源定位,海上侦察,超辐射源 marine reconnaissance,非线性},
  file = {D\:\\HaaaaaalloMg\\Sophycloud\\sophist\\storage\\8WT28YC7\\张 et al_2018_海上侦察船的纯方位无源定位技术研究.pdf}
}
